<?xml version="1.0" encoding="UTF-8"?>
<collection xmlns:xsi="http://www.w3.org/2001/XMLSchema-instance" xsi:schemaLocation="http://www.loc.gov/MARC21/slim http://www.loc.gov/standards/marcxml/schema/MARC21slim.xsd" xmlns="http://www.loc.gov/MARC21/slim">
<record>
  <leader>01881cam a2200373 a 4500</leader>
  <controlfield tag="001">647887</controlfield>
  <controlfield tag="003">NNC</controlfield>
  <controlfield tag="005">20160118124448.0</controlfield>
  <controlfield tag="008">880510s1884    ua            000 0 arar </controlfield>
  <datafield tag="016" ind1="7" ind2=" ">
    <subfield code="a">101260665</subfield>
    <subfield code="2">DNLM</subfield>
  </datafield>
  <datafield tag="035" ind1=" " ind2=" ">
    <subfield code="9">ACV4981CU</subfield>
  </datafield>
  <datafield tag="035" ind1=" " ind2=" ">
    <subfield code="a">(OCoLC)ocm45047266</subfield>
  </datafield>
  <datafield tag="035" ind1=" " ind2=" ">
    <subfield code="a">(OCoLC)45047266</subfield>
  </datafield>
  <datafield tag="035" ind1=" " ind2=" ">
    <subfield code="a">(NNC)647887</subfield>
  </datafield>
  <datafield tag="040" ind1=" " ind2=" ">
    <subfield code="a">NLM</subfield>
    <subfield code="b">eng</subfield>
    <subfield code="c">NLM</subfield>
    <subfield code="d">IUL</subfield>
    <subfield code="d">CGC</subfield>
    <subfield code="d">LGG</subfield>
    <subfield code="d">OCLCF</subfield>
  </datafield>
  <datafield tag="042" ind1=" " ind2=" ">
    <subfield code="a">nlmcopyc</subfield>
  </datafield>
  <datafield tag="050" ind1=" " ind2="0">
    <subfield code="a">R128.3</subfield>
    <subfield code="b">.A58</subfield>
  </datafield>
  <datafield tag="060" ind1="0" ind2="0">
    <subfield code="a">WZ 290</subfield>
    <subfield code="b">A627t 1884</subfield>
  </datafield>
  <datafield tag="100" ind1="1" ind2=" ">
    <subfield code="6">880-01</subfield>
    <subfield code="a">Anṭākī, Dāʼūd ibn ʻUmar,</subfield>
    <subfield code="d">-1599.</subfield>
  </datafield>
  <datafield tag="245" ind1="1" ind2="0">
    <subfield code="6">880-02</subfield>
    <subfield code="a">Tadhkirat ūlī al-albāb wa-al-jāmiʻ lil-ʻajab al-ʻujāb /</subfield>
    <subfield code="c">taʼlīf Dāwūd ibn ʻUmar al-Anṭākī. Wa-bi-hāmishih al-Nuzhah al-mubhijah fī tashḥīdh al-adhhān wa-taʻdīl al-amazijah / lil-muʼallif.</subfield>
  </datafield>
  <datafield tag="260" ind1=" " ind2=" ">
    <subfield code="6">880-03</subfield>
    <subfield code="a">Miṣr :</subfield>
    <subfield code="b">Maṭbaʻat al-Ḥalabī,</subfield>
    <subfield code="c">1302 [1884]</subfield>
  </datafield>
  <datafield tag="300" ind1=" " ind2=" ">
    <subfield code="a">2 v. ;</subfield>
    <subfield code="c">28 cm.</subfield>
  </datafield>
  <datafield tag="336" ind1=" " ind2=" ">
    <subfield code="a">text</subfield>
    <subfield code="b">txt</subfield>
    <subfield code="2">rdacontent</subfield>
  </datafield>
  <datafield tag="337" ind1=" " ind2=" ">
    <subfield code="a">unmediated</subfield>
    <subfield code="b">n</subfield>
    <subfield code="2">rdamedia</subfield>
  </datafield>
  <datafield tag="338" ind1=" " ind2=" ">
    <subfield code="a">volume</subfield>
    <subfield code="b">nc</subfield>
    <subfield code="2">rdacarrier</subfield>
  </datafield>
  <datafield tag="650" ind1="1" ind2="2">
    <subfield code="a">Medicine, Arabic.</subfield>
  </datafield>
  <datafield tag="650" ind1=" " ind2="0">
    <subfield code="a">Medicine, Arab.</subfield>
  </datafield>
  <datafield tag="650" ind1=" " ind2="7">
    <subfield code="a">Medicine, Arab.</subfield>
    <subfield code="2">fast</subfield>
    <subfield code="0">(OCoLC)fst01015186</subfield>
  </datafield>
  <datafield tag="700" ind1="1" ind2="2">
    <subfield code="6">880-04</subfield>
    <subfield code="a">Anṭākī, Dāʼūd ibn ʻUmar,</subfield>
    <subfield code="d">-1599.</subfield>
    <subfield code="t">Nuzhah al-mubhijah fī tashḥīdh al-adhhān wa-taʻdīl al-amazijah.</subfield>
  </datafield>
  <datafield tag="880" ind1="1" ind2=" ">
    <subfield code="6">100-01/r</subfield>
    <subfield code="a">انطاكي، داود بن عمر،,</subfield>
    <subfield code="d">-1599.</subfield>
  </datafield>
  <datafield tag="880" ind1="1" ind2="0">
    <subfield code="6">245-02/r</subfield>
    <subfield code="a">تذكرة ولي الالباب والجامع للعجب العجاب /</subfield>
    <subfield code="c">تأليف داود بن عمر الانطاكي. وبهامشه النزهة المبهجة في تشحيذ الاذهان وتعديل الامزجة / للمؤلف.</subfield>
  </datafield>
  <datafield tag="880" ind1=" " ind2=" ">
    <subfield code="6">260-03/r</subfield>
    <subfield code="a">مصر :</subfield>
    <subfield code="b">مطبعة الحلبي،</subfield>
    <subfield code="c">1302 [1884]</subfield>
  </datafield>
  <datafield tag="880" ind1="1" ind2="2">
    <subfield code="6">700-04/r</subfield>
    <subfield code="a">انطاكي، داؤود بن عمر،,</subfield>
    <subfield code="d">-1599.</subfield>
    <subfield code="t">نزهة المبهجة في تشحيذ الاذهان وتعديل الامزجة.</subfield>
  </datafield>
  <datafield tag="880" ind1="0" ind2="2">
    <subfield code="6">740-00/r</subfield>
    <subfield code="a">ذيل التذكرة.</subfield>
  </datafield>
  <datafield tag="955" ind1=" " ind2=" ">
    <subfield code="b">CU59576197</subfield>
    <subfield code="d">off,glx</subfield>
    <subfield code="e">ME06615</subfield>
    <subfield code="v">v.2</subfield>
  </datafield>
</record>
</collection>